<record><leader>00000cas a22000007a 4500</leader><controlfield tag="001">25505757</controlfield><controlfield tag="008">920320d18981uuuohuwr ne      0    0eng d</controlfield><datafield ind1=" " ind2=" " tag="010"><subfield code="a">sn 92063419 </subfield></datafield><datafield ind1=" " ind2=" " tag="040"><subfield code="a">ONP</subfield><subfield code="b">eng</subfield><subfield code="c">ONP</subfield><subfield code="d">OCLCQ</subfield></datafield><datafield ind1=" " ind2=" " tag="042"><subfield code="a">msc</subfield></datafield><datafield ind1="0" ind2=" " tag="130"><subfield code="a">Signal (Rock Creek, Ohio)</subfield></datafield><datafield ind1="1" ind2="4" tag="245"><subfield code="a">The Signal.</subfield></datafield><datafield ind1=" " ind2=" " tag="260"><subfield code="a">Rock Creek, Ohio :</subfield><subfield code="b">E.P. Warren</subfield></datafield><datafield ind1=" " ind2=" " tag="300"><subfield code="a">v.</subfield></datafield><datafield ind1=" " ind2=" " tag="310"><subfield code="a">Weekly</subfield></datafield><datafield ind1="1" ind2=" " tag="362"><subfield code="a">Began in 1898.</subfield></datafield><datafield ind1=" " ind2=" " tag="588"><subfield code="a">Description based on: 5th year, no. 38 (June 1, 1898).</subfield></datafield><datafield ind1=" " ind2=" " tag="752"><subfield code="a">United States</subfield><subfield code="b">Ohio</subfield><subfield code="c">Ashtabula</subfield><subfield code="d">Rock Creek.</subfield></datafield><datafield ind1="0" ind2="0" tag="780"><subfield code="t">Rock Creek item</subfield><subfield code="w">(DLC)sn 88078587</subfield></datafield><datafield ind1="0" ind2="0" tag="785"><subfield code="t">Rock Creek signal</subfield><subfield code="w">(DLC)sn 92063418</subfield></datafield></record>